@book{lamport1994latex,
  title={LaTeX: A Document Preparation System},
  author={Lamport and Leslie},
  year={1994},
  publisher={Addison-Wesley}
}

@misc{lecun1998mnist,
  author       = {Yann LeCun},
  title        = {The MNIST Database of Handwritten Digits},
  year         = {1998},
  howpublished = {\url{https://yann.lecun.com/exdb/mnist/}},
  note         = {Accessed: 2024-09-28}
}

@inproceedings{cohen2017emnist,
  author    = {Gregory Cohen and Saeed Afshar and Jonathan Tapson and Andre van Schaik},
  title     = {{EMNIST: Extending MNIST to handwritten letters}},
  journal   = {arXiv:1409.0473},
  year      = {2017},
}

@inproceedings{caldas2019femnist,
  author    = {Sebastian cladas and Sai Meher Karthik Duddu and Peter Wu and Tian Li and Jakub Konečný and H. Brendan McMahan and Virginia Smith and Ameet Talwalkar},
  title     = {{LEAF: A Benchmark for Federated Settings}},
  journal   = {arXiv:1812.01097},
  year      = {2019},
}

@misc{leaf_repo,
  author       = {TalwalkarLab},
  title        = {LEAF: A Benchmark for Federated Settings},
  year         = {2019},
  howpublished = {\url{https://github.com/TalwalkarLab/leaf}},
  note         = {Accessed: 2024-09-29}
}

@misc{femnist_pwc,
  author       = {Papers with Code},
  title        = {FEMNIST (Federated Extended MNIST) },
  year         = {2024},
  howpublished = {\url{https://paperswithcode.com/dataset/femnist}},
  note         = {Accessed: 2024-09-29}
}

@misc{femnist_hdf5,
  author       = {Xiao Chenguang},
  title        = {HDF5-FEMNIST},
  year         = {2023},
  howpublished = {\url{https://github.com/Xiao-Chenguang/HDF5-FEMNIST}},
  note         = {Accessed: 2024-09-29}
}

@inproceedings{Anguita2013APD,
  title={A Public Domain Dataset for Human Activity Recognition using Smartphones},
  author={D. Anguita and Alessandro Ghio and L. Oneto and Xavier Parra and Jorge Luis Reyes-Ortiz},
  booktitle={The European Symposium on Artificial Neural Networks},
  year={2013},
  url={https://api.semanticscholar.org/CorpusID:6975432}
}

@misc{har_measuring_video,
  author       = {Jorge Luis Reyes Ortiz},
  title        = {Activity Recognition Experiment Using Smartphone Sensors.},
  year         = {2012},
  howpublished = {\url{https://www.youtube.com/watch?v=XOEN9W05_4A}},
  note         = {Accessed: 2024-09-29}
}

@misc{butterworth_filter,
  author       = {Wikipedia},
  title        = {Filtro Butterworth},
  howpublished = {\url{https://it.wikipedia.org/wiki/Filtro_Butterworth}},
  note         = {Accessed: 2024-09-29}
}

@misc{uci_har_ds,
  author       = {D. Anguita and Alessandro Ghio and L. Oneto and Xavier Parra and Jorge Luis Reyes-Ortiz},
  title        = {Human Activity Recognition Using Smartphones},
  howpublished = {\url{https://archive.ics.uci.edu/dataset/240/human+activity+recognition+using+smartphones}},
  note         = {Accessed: 2024-09-29}
}

@misc{pytorch,
  title        = {PyTorch},
  howpublished = {\url{https://pytorch.org/}},
  note         = {Accessed: 2024-09-29}
}

@inproceedings{goodfellow2014gan,
  author    = {Ian J. Goodfellow and Jean Pouget-Abadie and Mehdi Mirza and Bing Xu and David Warde-Farley and Sherjil Ozair and Aaron Courville and Yoshua Bengio},
  title     = {{Generative Adversarial Nets}},
  journal   = {arXiv:1406.2661},
  year      = {2014},
}

@misc{flowerai,
  title        = {Flower},
  howpublished = {\url{https://flower.ai/}},
  note         = {Accessed: 2024-09-29}
}

@misc{hydra,
  title        = {Hydra},
  howpublished = {\url{https://hydra.cc/}},
  note         = {Accessed: 2024-10-12}
}

@misc{flower_vfl,
  author       = {Flower},
  title        = {Flower Tutorial | Vertical Federated Learning using Flower},
  year         = {2023},
  howpublished = {\url{https://www.youtube.com/watch?v=56-GvUaXKXo}},
  note         = {Accessed: 2024-09-29}
}

@inproceedings{vaswani2017trans,
  author    = {Ashish Vaswani and Noam Shazeer and Niki Parmar and Jakob Uszkoreit and Llion Jones and Aidan N. Gomez and Lukasz Kaiser and Illia Polosukhin},
  title     = {{Attention Is All You Need}},
  journal   = {arXiv:1706.03762},
  year      = {2017},
}

@inproceedings{Radford2018ImprovingLU,
  title={Improving Language Understanding by Generative Pre-Training},
  author={Alec Radford and Karthik Narasimhan},
  year={2018},
  url={https://api.semanticscholar.org/CorpusID:49313245}
}

@inproceedings{Loshchilov2017AdamW,
  title={Decoupled Weight Decay Regularization},
  author={Ilya Loshchilov and Frank Hutter},
  year={2017},
  url={https://doi.org/10.48550/arXiv.1711.05101}
}

@inproceedings{yang2019vfl,
  title={Federated Machine Learning: Concept and Applications},
  author={Qiang Yang and Yang Liu and Tianjian Chen and Yongxin Tong},
  year={2019},
  url={https://doi.org/10.48550/arXiv.1902.04885}
}

@inproceedings{wei2022vflChallenge,
  title={Vertical Federated Learning: Challenges, Methodologies and Experiments},
  author={Kang Wei and Jun Li and Chuan Ma and Ming Ding and Sha Wei and Fan Wu and Guihai Chen and Thilina Ranbaduge},
  year={2022},
  url={https://doi.org/10.48550/arXiv.2202.04309}
}

@inproceedings{liu2022vflChallenge,
  title={Vertical Federated Learning: Concepts, Advances and Challenges},
  author={Yang Liu and Yan Kang and Tianyuan Zou and Yanhong Pu and Yuanqin He and Xiaozhou Ye and Ye Ouyang and Ya-Qin Zhang and Qiang Yang},
  year={2022},
  url={https://doi.org/10.48550/arXiv.2211.12814}
}

@inproceedings{xiao2021flci,
  title={An Experimental Study of Class Imbalance in Federated Learning},
  author={C. Xiao and S. Wang},
  year={2021},
  url={https://doi.org/10.48550/arXiv.2109.04094}
}

@inproceedings{zhao2018flniid,
  title={Federated Learning with Non-IID Data},
  author={Yue Zhao and Meng Li and Liangzhen Lai and Naveen Suda and Damon Civin and Vikas Chandra},
  year={2018},
  url={https://doi.org/10.48550/arXiv.1806.00582}
}

@inproceedings{McMahan2016CommunicationEfficientLO,
  title={Communication-Efficient Learning of Deep Networks from Decentralized Data},
  author={H. B. McMahan and Eider Moore and Daniel Ramage and Seth Hampson and Blaise Ag{\"u}era y Arcas},
  booktitle={International Conference on Artificial Intelligence and Statistics},
  year={2016},
  url={https://api.semanticscholar.org/CorpusID:14955348}
}

@article{li2018FederatedOI,
  title={Federated Optimization in Heterogeneous Networks},
  author={Tian Li and Anit Kumar Sahu and Maziar Sanjabi and Manzil Zaheer and Ameet Talwalkar and Virginia Smith},
  journal={arXiv: Learning},
  year={2018},
  url={https://doi.org/10.48550/arXiv.1812.06127}
}

@InProceedings{Karimireddy2020scaffold,
  title = 	 {{SCAFFOLD}: Stochastic Controlled Averaging for Federated Learning},
  author =       {Sai Praneeth Karimireddy and Satyen Kale and Mehryar Mohri and Sashank J. Reddi and Sebastian U. Stich and Ananda Theertha Suresh},
  booktitle = 	 {Proceedings of the 37th International Conference on Machine Learning},
  pages = 	 {5132--5143},
  year = 	 {2020},
  volume = 	 {119},
  series = 	 {Proceedings of Machine Learning Research},
  pdf = 	 {http://proceedings.mlr.press/v119/karimireddy20a/karimireddy20a.pdf},
  url = 	 {https://proceedings.mlr.press/v119/karimireddy20a.html},
}

@article{kairouz2021flOpenProblems,
  title  ={Federated Optimization in Heterogeneous Networks},
  author = {Peter Kairouz and H. Brendan McMahan and Brendan Avent and Aurélien Bellet and Mehdi Bennis and Arjun Nitin Bhagoji and Kallista Bonawitz and Zachary Charles and Graham Cormode and Rachel Cummings and Rafael G.L. D'Oliveira and Hubert Eichner and Salim El Rouayheb and David Evans and Josh Gardner and Zachary Garrett and Adrià Gascón and Badih Ghazi and Phillip B. Gibbons and Marco Gruteser and Zaid Harchaoui and Chaoyang He and Lie He and Zhouyuan Huo and Ben Hutchinson and Justin Hsu and Martin Jaggi and Tara Javidi and Gauri Joshi and Mikhail Khodak and Jakub Konečný and Aleksandra Korolova and Farinaz Koushanfar and Sanmi Koyejo and Tancrède Lepoint and Yang Liu and Prateek Mittal and Mehryar Mohri and Richard Nock and Ayfer Özgür and Rasmus Pagh and Mariana Raykova and Hang Qi and Daniel Ramage and Ramesh Raskar and Dawn Song and Weikang Song and Sebastian U. Stich and Ziteng Sun and Ananda Theertha Suresh and Florian Tramèr and Praneeth Vepakomma and Jianyu Wang and Li Xiong and Zheng Xu and Qiang Yang and Felix X. Yu and Han Yu and Sen Zhao},
  journal={arXiv: Learning},
  year={2018},
  url={https://doi.org/10.48550/arXiv.1812.06127}
}

@inproceedings{Maas2013RectifierNI,
  title={Rectifier Nonlinearities Improve Neural Network Acoustic Models},
  author={Andrew L. Maas},
  year={2013},
  url={https://api.semanticscholar.org/CorpusID:16489696}
}

@article{he2015prelu,
  title  ={Delving Deep into Rectifiers: Surpassing Human-Level Performance on ImageNet Classification},
  author = {Kaiming He and Xiangyu Zhang and Shaoqing Ren and Jian Sun},
  journal={arXiv: Learning},
  year={2015},
  url={https://doi.org/10.48550/arXiv.1502.01852}
}

@article{hendrycks2016gelu,
  title  ={Gaussian Error Linear Units (GELUs)},
  author = {Dan Hendrycks and Kevin Gimpel},
  journal={arXiv: Learning},
  year={2016},
  url={https://doi.org/10.48550/arXiv.1606.08415}
}

@article{clevert2016elu,
  title  ={Fast and Accurate Deep Network Learning by Exponential Linear Units (ELUs)},
  author = {Djork-Arné Clevert and Thomas Unterthiner and Sepp Hochreiter},
  journal={arXiv: Learning},
  year={2016},
  url={https://doi.org/10.48550/arXiv.1511.07289}
}

@article{bronstein2021geometric,
  title="{Geometric Deep Learning: Grids, Groups, Graphs, Geodesics, and Gauges}", 
  author={Michael M. Bronstein and Joan Bruna and Taco Cohen and Petar Veličković},
  year={2021},
  journal={arXiv preprint arXiv:2104.13478},
}

@article{sosnovik2023symmetry,
  title="{Symmetry-based learning from limited data}", 
  author={I. Sosnovik},
  year={2023},
  journal={University of Amsterdam},
  url={https://hdl.handle.net/11245.1/fb28dcd6-bfa6-4afd-b35e-97d1b156bfbc}
}

@article{cohen2016group,
  title="{Group Equivariant Convolutional Networks}", 
  author={Taco S. Cohen and Max Welling},
  year={2016},
  journal={arXiv: Learning},
  url={https://doi.org/10.48550/arXiv.1602.07576}
}

@article{marcos2016rotation,
  title="{Rotation equivariant vector field networks}", 
  author={Diego Marcos and Michele Volpi and Nikos Komodakis and Devis Tuia},
  year={2016},
  journal={arXiv: Learning},
  url={https://doi.org/10.48550/arXiv.1612.09346}
}

@article{cohen2016steer,
  title="{Steerable CNNs}", 
  author={Taco S. Cohen and Max Welling},
  year={2016},
  journal={arXiv: Learning},
  url={https://doi.org/10.48550/arXiv.1612.08498}
}

@article{ioffe2015batch,
  title="{Batch Normalization: Accelerating Deep Network Training by Reducing Internal Covariate Shift}", 
  author={Sergey Ioffe and Christian Szegedy},
  year={2015},
  journal={arXiv: Learning},
  url={https://doi.org/10.48550/arXiv.1502.03167}
}

@article{ba2016layer,
  title="{Layer Normalization}", 
  author={Jimmy Lei Ba and Jamie Ryan Kiros and Geoffrey E. Hinton},
  year={2016},
  journal={arXiv: Learning},
  url={https://doi.org/10.48550/arXiv.1607.06450}
}

@article{wu2018group,
  title="{Group Normalization}", 
  author={Yuxin Wu and Kaiming He},
  year={2018},
  journal={arXiv: Learning},
  url={https://doi.org/10.48550/arXiv.1803.08494}
}